<?xml version="1.0" encoding="UTF-8"?><record xmlns="http://www.loc.gov/MARC21/slim" xmlns:cinclude="http://apache.org/cocoon/include/1.0" xmlns:zs="http://www.loc.gov/zing/srw/">
  <leader>00610nz  a2200145n  4500</leader>
  <controlfield tag="001">n  84125462 </controlfield>
  <controlfield tag="003">DLC</controlfield>
  <controlfield tag="005">19850329154139.4</controlfield>
  <controlfield tag="008">850219n| acannaab|          |a ana ||| c</controlfield>
  <datafield tag="010" ind1=" " ind2=" ">
    <subfield code="a">n  84125462 </subfield>
  </datafield>
  <datafield tag="040" ind1=" " ind2=" ">
    <subfield code="a">DGPO</subfield>
    <subfield code="c">DLC</subfield>
    <subfield code="d">DLC</subfield>
  </datafield>
  <datafield tag="110" ind1="2" ind2="0">
    <subfield code="a">Veterans' Administration Medical Center (Poplar Bluff, Mo.)</subfield>
  </datafield>
  <datafield tag="410" ind1="1" ind2="0">
    <subfield code="a">United States.</subfield>
    <subfield code="b">Veterans' Administration.</subfield>
    <subfield code="b">Veterans' Administration Medical Center (Poplar Bluff, Mo.)</subfield>
  </datafield>
  <datafield tag="510" ind1="2" ind2="0">
    <subfield code="w">b</subfield>
    <subfield code="a">John J. Pershing Veterans' Administration Medical Center</subfield>
  </datafield>
  <datafield tag="670" ind1=" " ind2=" ">
    <subfield code="a">United States. An Act to Redesignate ... 1984:</subfield>
    <subfield code="b">t.p. (Veterans' Administration Medical Center, Poplar Bluff, Mo.)</subfield>
  </datafield>
</record>